@article{bach2010modelling,
  title={Modelling event-related skin conductance responses},
  author={Bach, Dominik R and Flandin, Guillaume and Friston, Karl J and Dolan, Raymond J},
  journal={International Journal of Psychophysiology},
  volume={75},
  number={3},
  pages={349--356},
  year={2010},
  publisher={Elsevier}
}