@article{porr2019r,
  title={R-peak detector stress test with a new noisy ECG database reveals significant performance differences amongst popular detectors},
  author={Porr, Bernd and Howell, Luis},
  journal={bioRxiv},
  pages={722397},
  year={2019},
  publisher={Cold Spring Harbor Laboratory}
}

@article{kalyakulina2018lu,
  title={LU electrocardiography database: a new open-access validation tool for delineation algorithms},
  author={Kalyakulina, Alena I and Yusipov, Igor I and Moskalenko, Victor A and Nikolskiy, Alexander V and Kozlov, Artem A and Kosonogov, Konstantin A and Zolotykh, Nikolay Yu and Ivanchenko, Mikhail V},
  journal={arXiv preprint arXiv:1809.03393},
  year={2018}
}

@article{howell2018high,
  title={High precision ECG Database with annotated R peaks, recorded and filmed under realistic conditions},
  author={Howell, Luis and Porr, Bernd},
  year={2018},
  publisher={University of Glasgow}
}

@article{moody2001impact,
  title={The impact of the MIT-BIH arrhythmia database},
  author={Moody, George B and Mark, Roger G},
  journal={IEEE Engineering in Medicine and Biology Magazine},
  volume={20},
  number={3},
  pages={45--50},
  year={2001},
  publisher={IEEE}
}

@article{moody1984bih,
  title={The MIT-BIH noise stress test database},
  author={Moody, G and Muldrow, W and Mark, R},
  journal={Computers in Cardiology},
  pages={381--384},
  year={1984}
}