@article{khodadad2018optimized,
  title={Optimized breath detection algorithm in Electrical Impedance Tomography},
  author={Khodadad, Davood and Nordebo, Sven and Mueller, Beat and Waldmann, Andreas and Yerworth, Rebecca and Becher, Tobias and Frerichs, Inez and Sophocleous, Louiza and Van Kaam, Anton and Miedema, Martijn and others},
  journal={Physiological measurement},
  volume={39},
  number={9},
  pages={094001},
  year={2018},
  publisher={IOP Publishing}
}

@InProceedings{binder2018,
  author    = { {P}roject {J}upyter and {M}atthias {B}ussonnier and {J}essica {F}orde and {J}eremy {F}reeman and {B}rian {G}ranger and {T}im {H}ead and {C}hris {H}oldgraf and {K}yle {K}elley and {G}ladys {N}alvarte and {A}ndrew {O}sheroff and {M} {P}acer and {Y}uvi {P}anda and {F}ernando {P}erez and {B}enjamin {R}agan-{K}elley and {C}arol {W}illing },
  title     = { {B}inder 2.0 - {R}eproducible, interactive, sharable environments for science at scale },
  booktitle = { {P}roceedings of the 17th {P}ython in {S}cience {C}onference },
  pages     = { 113 - 120 },
  year      = { 2018 },
  editor    = { {F}atih {A}kici and {D}avid {L}ippa and {D}illon {N}iederhut and {M} {P}acer },
  doi       = { 10.25080/Majora-4af1f417-011 }
}


@article{holzman2017heart,
  title={Heart rate variability indices as bio-markers of top-down self-regulatory mechanisms: A meta-analytic review},
  author={Holzman, Jacob B and Bridgett, David J},
  journal={Neuroscience \& biobehavioral reviews},
  volume={74},
  pages={233--255},
  year={2017},
  publisher={Elsevier}
}


@article{quintana2016guidelines,
  title={Guidelines for Reporting Articles on Psychiatry and Heart rate variability (GRAPH): recommendations to advance research communication},
  author={Quintana, DS and Alvares, Gail A and Heathers, JAJ},
  journal={Translational psychiatry},
  volume={6},
  number={5},
  pages={e803--e803},
  year={2016},
  publisher={Nature Publishing Group}
}

@article{kiverstein2015embodied,
  title={The embodied brain: towards a radical embodied cognitive neuroscience},
  author={Kiverstein, Julian and Miller, Mark},
  journal={Frontiers in human neuroscience},
  volume={9},
  pages={237},
  year={2015},
  publisher={Frontiers}
}



@article{marchewka2014nencki,
  title={The Nencki Affective Picture System (NAPS): Introduction to a novel, standardized, wide-range, high-quality, realistic picture database},
  author={Marchewka, Artur and {\.Z}urawski, {\L}ukasz and Jednor{\'o}g, Katarzyna and Grabowska, Anna},
  journal={Behavior research methods},
  volume={46},
  number={2},
  pages={596--610},
  year={2014},
  publisher={Springer}
}




@ARTICLE{scipy,
       author = {{Virtanen}, Pauli and {Gommers}, Ralf and {Oliphant},
         Travis E. and {Haberland}, Matt and {Reddy}, Tyler and
         {Cournapeau}, David and {Burovski}, Evgeni and {Peterson}, Pearu
         and {Weckesser}, Warren and {Bright}, Jonathan and {van der Walt},
         St{\'e}fan J.  and {Brett}, Matthew and {Wilson}, Joshua and
         {Jarrod Millman}, K.  and {Mayorov}, Nikolay and {Nelson}, Andrew
         R.~J. and {Jones}, Eric and {Kern}, Robert and {Larson}, Eric and
         {Carey}, CJ and {Polat}, {\.I}lhan and {Feng}, Yu and {Moore},
         Eric W. and {Vand erPlas}, Jake and {Laxalde}, Denis and
         {Perktold}, Josef and {Cimrman}, Robert and {Henriksen}, Ian and
         {Quintero}, E.~A. and {Harris}, Charles R and {Archibald}, Anne M.
         and {Ribeiro}, Ant{\^o}nio H. and {Pedregosa}, Fabian and
         {van Mulbregt}, Paul and {Contributors}, SciPy 1. 0},
        title = "{SciPy 1.0: Fundamental Algorithms for Scientific
                  Computing in Python}",
      journal = {Nature Methods},
      year = "2020",
      volume={17},
      pages={261--272},
      adsurl = {https://rdcu.be/b08Wh},
      doi = {https://doi.org/10.1038/s41592-019-0686-2},
}

@article{HeartPy,
	doi = {10.1016/j.trf.2019.09.015},
	url = {https://doi.org/10.1016%2Fj.trf.2019.09.015},
	year = 2019,
	month = {oct},
	publisher = {Elsevier {BV}},
	volume = {66},
	pages = {368--378},
	author = {Paul van Gent and Haneen Farah and Nicole van Nes and Bart van Arem},
	title = {{HeartPy}: A novel heart rate algorithm for the analysis of noisy signals},
	journal = {Transportation Research Part F: Traffic Psychology and Behaviour}
}


@book{python3,
 author = {Van Rossum, Guido and Drake, Fred L.},
 title = {Python 3 Reference Manual},
 year = {2009},
 isbn = {1441412697},
 publisher = {CreateSpace},
 address = {Scotts Valley, CA}
}

@incollection{PySiology,
	doi = {10.1007/978-981-13-8950-4_35},
	url = {https://doi.org/10.1007%2F978-981-13-8950-4_35},
	year = 2019,
	month = {sep},
	publisher = {Springer Singapore},
	pages = {395--402},
	author = {Giulio Gabrieli and Atiqah Azhari and Gianluca Esposito},
	title = {{PySiology}: A Python Package for Physiological Feature Extraction},
	booktitle = {Neural Approaches to Dynamics of Signal Exchanges}
}

@Misc{biosppy,
  author = {Carlos Carreiras and Ana Priscila Alves and Andr\'{e} Louren\c{c}o and Filipe Canento and Hugo Silva and Ana Fred and others},
  title = {{BioSPPy}: Biosignal Processing in {Python}},
  year = {2015},
  url = "https://github.com/PIA-Group/BioSPPy/",
  note = {[Online; accessed <today>]}
}

@Misc{Systole,
  author = {Nicolas Legrand and Micah Allen},
  title = {{Systole}: A python toolbox for preprocessing, analyzing, and synchronizing cardiac data},
  year = {2020},
  url = "https://github.com/embodied-computation-group/systole",
  note = {[Online; accessed <today>]}
}

@Misc{nolds,
  author = {Christopher Schölzel},
  title = {NOnLinear measures for Dynamical Systems (nolds)},
  year = {2020},
  url = "https://github.com/CSchoel/nolds",
  note = {[Online; accessed <today>]}
}

@Manual{R-base,
  title = {R: A Language and Environment for Statistical Computing},
  author = {{R Core Team}},
  organization = {R Foundation for Statistical Computing},
  address = {Vienna, Austria},
  year = {2019},
  url = {https://www.R-project.org/},
}
@Manual{R-kableExtra,
  title = {kableExtra: Construct Complex Table with 'kable' and Pipe Syntax},
  author = {Hao Zhu},
  year = {2019},
  note = {R package version 1.1.0},
  url = {https://CRAN.R-project.org/package=kableExtra},
}
@Manual{R-papaja,
  author = {Frederik Aust and Marius Barth},
  title = {{papaja}: {Create} {APA} manuscripts with {R Markdown}},
  year = {2020},
  note = {R package version 0.1.0.9942},
  url = {https://github.com/crsh/papaja},
}
@Manual{R-reticulate,
  title = {reticulate: Interface to 'Python'},
  author = {Kevin Ushey and JJ Allaire and Yuan Tang},
  year = {2019},
  note = {R package version 1.14},
  url = {https://CRAN.R-project.org/package=reticulate},
}
@Article{R-bayestestR,
  title = {bayestestR: Describing Effects and their Uncertainty, Existence and Significance within the Bayesian Framework.},
  author = {Dominique Makowski and Mattan S. Ben-Shachar and Daniel Lüdecke},
  journal = {Journal of Open Source Software},
  doi = {10.21105/joss.01541},
  year = {2019},
  number = {40},
  volume = {4},
  pages = {1541},
  url = {https://joss.theoj.org/papers/10.21105/joss.01541},
}
@Article{R-correlation,
  title = {Methods for Correlation Analysis.},
  author = {Dominique Makowski and Mattan S. Ben-Shachar and Indrajeet Patil and Daniel Lüdecke},
  journal = {CRAN},
  year = {2020},
  url = {https://github.com/easystats/correlation},
}
@Manual{R-dplyr,
  title = {dplyr: A Grammar of Data Manipulation},
  author = {Hadley Wickham and Romain François and Lionel Henry and Kirill Müller},
  year = {2019},
  note = {R package version 0.8.3},
  url = {https://CRAN.R-project.org/package=dplyr},
}
@Manual{R-easystats,
  title = {easystats: Jump in the easyverse},
  author = {Daniel Lüdecke and Dominique Makowski},
  note = {R package version 0.2.0},
  url = {https://github.com/easystats/easystats},
}
@Article{R-effectsize,
  title = {Compute and interpret indices of effect size},
  author = {Dominique Makowski and Mattan S. Ben-Shachar and Daniel Lüdecke},
  journal = {CRAN},
  year = {2019},
  note = {R package},
  url = {https://github.com/easystats/effectsize},
}
@Manual{R-forcats,
  title = {forcats: Tools for Working with Categorical Variables (Factors)},
  author = {Hadley Wickham},
  year = {2019},
  note = {R package version 0.4.0},
  url = {https://CRAN.R-project.org/package=forcats},
}
@Book{R-ggplot2,
  author = {Hadley Wickham},
  title = {ggplot2: Elegant Graphics for Data Analysis},
  publisher = {Springer-Verlag New York},
  year = {2016},
  isbn = {978-3-319-24277-4},
  url = {https://ggplot2.tidyverse.org},
}
@Article{R-insight,
  title = {insight: A Unified Interface to Access Information from Model Objects in R.},
  volume = {4},
  doi = {10.21105/joss.01412},
  number = {38},
  journal = {Journal of Open Source Software},
  author = {Daniel Lüdecke and Philip Waggoner and Dominique Makowski},
  year = {2019},
  pages = {1412},
}
@Manual{R-modelbased,
  title = {modelbased: Estimation of Model-Based Predictions, Contrasts and Means},
  author = {Dominique Makowski and Daniel Lüdecke and Mattan S. Ben-Shachar},
  note = {R package version 0.1.2},
  url = {https://github.com/easystats/modelbased},
}
@Article{R-parameters,
  title = {Describe and understand your model’s parameters},
  author = {Dominique Makowski and Mattan S. Ben-Shachar and Daniel Lüdecke},
  journal = {CRAN},
  year = {2019},
  note = {R package},
  url = {https://github.com/easystats/parameters},
}
@Manual{R-performance,
  title = {performance: Assessment of Regression Models Performance},
  author = {Daniel Lüdecke and Dominique Makowski and Philip Waggoner},
  note = {R package version 0.4.4.1},
  url = {https://easystats.github.io/performance/},
}
@Manual{R-purrr,
  title = {purrr: Functional Programming Tools},
  author = {Lionel Henry and Hadley Wickham},
  year = {2019},
  note = {R package version 0.3.3},
  url = {https://CRAN.R-project.org/package=purrr},
}
@Manual{R-readr,
  title = {readr: Read Rectangular Text Data},
  author = {Hadley Wickham and Jim Hester and Romain Francois},
  year = {2018},
  note = {R package version 1.3.1},
  url = {https://CRAN.R-project.org/package=readr},
}
@Article{R-report,
  title = {The report package for R: Ensuring the use of best practices for results reporting},
  author = {{Makowski} and {Dominique} and {Lüdecke} and {Daniel}},
  journal = {CRAN},
  year = {2019},
  note = {R package},
  url = {https://github.com/easystats/report},
}
@Manual{R-see,
  title = {see: Visualisation Toolbox for 'easystats' and Extra Geoms, Themes and Color Palettes for 'ggplot2'},
  author = {Daniel Lüdecke and Dominique Makowski and Philip Waggoner and Mattan S. Ben-Shachar},
  note = {R package version 0.4.1.1},
  url = {https://easystats.github.io/see/},
}
@Manual{R-stringr,
  title = {stringr: Simple, Consistent Wrappers for Common String Operations},
  author = {Hadley Wickham},
  year = {2019},
  note = {R package version 1.4.0},
  url = {https://CRAN.R-project.org/package=stringr},
}
@Manual{R-tibble,
  title = {tibble: Simple Data Frames},
  author = {Kirill Müller and Hadley Wickham},
  year = {2019},
  note = {R package version 2.1.3},
  url = {https://CRAN.R-project.org/package=tibble},
}
@Manual{R-tidyr,
  title = {tidyr: Tidy Messy Data},
  author = {Hadley Wickham and Lionel Henry},
  year = {2019},
  note = {R package version 1.0.0},
  url = {https://CRAN.R-project.org/package=tidyr},
}
@Article{R-tidyverse,
  title = {Welcome to the {tidyverse}},
  author = {Hadley Wickham and Mara Averick and Jennifer Bryan and Winston Chang and Lucy D'Agostino McGowan and Romain François and Garrett Grolemund and Alex Hayes and Lionel Henry and Jim Hester and Max Kuhn and Thomas Lin Pedersen and Evan Miller and Stephan Milton Bache and Kirill Müller and Jeroen Ooms and David Robinson and Dana Paige Seidel and Vitalie Spinu and Kohske Takahashi and Davis Vaughan and Claus Wilke and Kara Woo and Hiroaki Yutani},
  year = {2019},
  journal = {Journal of Open Source Software},
  volume = {4},
  number = {43},
  pages = {1686},
  doi = {10.21105/joss.01686},
}
